<?xml version="1.0" encoding="UTF-8"?><collection xmlns="http://www.loc.gov/MARC21/slim"><record><leader>00421nam--2200145-i-4500</leader><controlfield tag="001">000031867</controlfield><controlfield tag="002">20161230</controlfield><controlfield tag="005">20161230201038</controlfield><controlfield tag="008">060222s1000------------r-----000-0-eng-d</controlfield><datafield ind1=" " ind2=" " tag="100"><subfield code="a">Mawhin, J.Et Rouche, N</subfield></datafield><datafield ind1=" " ind2=" " tag="245"><subfield code="a">Ecuations differentielles ordinaires. tome 1: theorie generale</subfield></datafield><datafield ind1=" " ind2=" " tag="260"><subfield code="a">Paris, Masson Et C-ie Editeurs, 1973, Xii + 154p</subfield></datafield><datafield ind1=" " ind2=" " tag="490"><subfield code="v">Tom.1</subfield></datafield><datafield ind1=" " ind2=" " tag="852"><subfield code="a">41973</subfield><subfield code="c">517.9</subfield></datafield><datafield ind1=" " ind2=" " tag="CAT"><subfield code="a">Sys</subfield><subfield code="c">20081022</subfield><subfield code="h">064808</subfield></datafield></record></collection>